@Article{Oude,
    author={Oude Munnink, Bas B and others},
    title={{Transmission of SARS-CoV-2 on mink farms between humans and mink and back to humans}},
    journal={Science (New York, N.Y.)},
    year={2021},
    month={Jan},
    day={08},
    edition={2020/11/10},
    publisher={American Association for the Advancement of Science},
    volume={371},
    number={6525},
    pages={172-177},
    issn={1095-9203},
    doi={10.1126/science.abe5901},
    url={https://pubmed.ncbi.nlm.nih.gov/33172935},
}

@Article{deer,
    author={Palmer, Mitchell V and others},
    title={{Susceptibility of white-tailed deer (Odocoileus virginianus) to SARS-CoV-2}},
    journal={Journal of virology},
    year={2021},
    month={Mar},
    day={10},
    publisher={American Society for Microbiology},
    volume={95},
    number={11},
    pages={e00083-21},
    issn={1098-5514},
    doi={10.1128/JVI.00083-21},
    url={https://pubmed.ncbi.nlm.nih.gov/33692203},
}

@Article{tiger,
    author={Leroy, Eric M.
    and Ar Gouilh, Meriadeg
    and Brug{\`e}re-Picoux, Jeanne},
    title={{The risk of SARS-CoV-2 transmission to pets and other wild and domestic animals strongly mandates a one-health strategy to control the COVID-19 pandemic}},
    journal={One health (Amsterdam, Netherlands)},
    year={2020},
    month={Dec},
    edition={2020/04/13},
    publisher={Elsevier},
    volume={10},
    pages={100133-100133},
    issn={2352-7714},
    doi={10.1016/j.onehlt.2020.100133},
    url={https://pubmed.ncbi.nlm.nih.gov/32363229},
}

@Article{pangolin,
    author={Frutos, Roger
    and Serra-Cobo, Jordi
    and Chen, Tianmu
    and Devaux, Christian A.},
    title={{COVID-19: Time to exonerate the pangolin from the transmission of SARS-CoV-2 to humans}},
    journal={Infection, genetics and evolution : journal of molecular epidemiology and evolutionary genetics in infectious diseases},
    year={2020},
    month={Oct},
    edition={2020/08/05},
    publisher={Elsevier B.V.},
    volume={84},
    pages={104493-104493},
    issn={1567-7257},
    doi={10.1016/j.meegid.2020.104493},
    url={https://pubmed.ncbi.nlm.nih.gov/32768565},
}

@Article{Sreenivasan,
    author={Chithra C. Sreenivasan and Milton Thomas and Dan Wang and Feng Li},
    title={{Susceptibility of livestock and companion animals to COVID-19}},
    journal={Special Issue on New coronavirus (2019‐nCoV or SARS‐CoV‐2) and the outbreak of the respiratory illness (COVID‐19): Part‐X},
    year={2020},
    month={Oct},
    edition={2021/03},
    volume={93},
    pages={1351-1360},
    doi={10.1002/jmv.26621},
    url={https://onlinelibrary.wiley.com/doi/10.1002/jmv.26621},
}

@Article{Lan,
    author={Lan, Jun and others},
    title={Structure of the SARS-CoV-2 spike receptor-binding domain bound to the ACE2 receptor},
    journal={Nature},
    year={2020},
    month={May},
    day={01},
    volume={581},
    number={7807},
    pages={215-220},
    issn={1476-4687},
    doi={10.1038/s41586-020-2180-5},
    url={https://doi.org/10.1038/s41586-020-2180-5}
}

@Article{Li,
    author={Li, Wenhui and others},
    title={{Receptor and viral determinants of SARS-coronavirus adaptation to human ACE2}},
    journal={The EMBO journal},
    year={2005},
    month={Apr},
    day={20},
    edition={2005/03/24},
    volume={24},
    number={8},
    pages={1634-1643},
    issn={0261-4189},
    doi={10.1038/sj.emboj.7600640},
    url={https://pubmed.ncbi.nlm.nih.gov/15791205},
}

@Article{Lee,
    author={Lee, In-Hee
    and Lee, Ji-Won
    and Kong, Sek Won},
    title={{A survey of genetic variants in SARS-CoV-2 interacting domains of ACE2, TMPRSS2 and TLR3/7/8 across populations}},
    journal={Infection, Genetics and Evolution},
    year={2020},
    month={Nov},
    day={01},
    volume={85},
    pages={104507},
    issn={1567-1348},
    url={https://www.sciencedirect.com/science/article/pii/S1567134820303385}
}

@online{UniProt,
    author={UniProt},
    title={{ACE2 - Angiotensin-converting enzyme 2 precursor - Homo sapiens (Human) - ACE2 gene \& protein}},
    url={https://www.uniprot.org/uniprot/Q9BYF1},
    urldate={2021-11-21},
    note={Accessed November 21, 2021}
}

@Article{Andersen,
    author={Andersen, Kristian G.
    and Rambaut, Andrew
    and Lipkin, W. Ian
    and Holmes, Edward C.
    and Garry, Robert F.},
    title={{The proximal origin of SARS-CoV-2}},
    journal={Nature medicine},
    year={2020},
    month={Apr},
    publisher={Nature Publishing Group US},
    volume={26},
    number={4},
    pages={450-452},
    issn={1546-170X},
    doi={10.1038/s41591-020-0820-9},
}

@Article{Liu,
    author={Liu, Yinghui and others},
    title={{Functional and genetic analysis of viral receptor ACE2 orthologs reveals a broad potential host range of SARS-CoV-2}},
    journal={Proceedings of the National Academy of Sciences of the United States of America},
    year={2021},
    month={Mar},
    day={23},
    publisher={National Academy of Sciences},
    volume={118},
    number={12},
    pages={e2025373118},
    issn={1091-6490},
    doi={10.1073/pnas.2025373118},
    url={https://pubmed.ncbi.nlm.nih.gov/33658332},
}

@Article{LiQin,
    author={Li, Ruiting and Qin, Chengfeng},
    title={{Expression pattern and function of SARS-CoV-2 receptor ACE2}},
    journal={Biosafety and Health},
    year={2021},
    month={Aug},
    day={27},
    issn={2590-0536},
    url={https://www.sciencedirect.com/science/article/pii/S2590053621000860}
}

@Article{Korber,
    author={Korber, Bette and others},
    title={{Tracking Changes in SARS-CoV-2 Spike: Evidence that D614G Increases Infectivity of the COVID-19 Virus}},
    journal={Cell},
    year={2020},
    month={Aug},
    day={20},
    edition={2020/07/03},
    publisher={Cell Press},
    volume={182},
    number={4},
    pages={812-827.e19},
    issn={1097-4172},
    doi={10.1016/j.cell.2020.06.043},
    url={https://pubmed.ncbi.nlm.nih.gov/32697968},
    language={eng}
}

